@book{se-ieee,
  author =    "IEEE",
  title =     "610.12-1990 - IEEE Standard Glossary of Software Engineering Terminology",
  publisher = "IEEE",
  year =      "1990"
}

@book{sparkasse-kfz-vermietung,
  author =    "Deutscher Sparkassen‐ und Giroverband e.V.",
  title =     "Branchenreport 2016: Kfz‐Vermietung (WZ‐Code 77.1)",
  publisher = "Deutscher Sparkassen‐ und Giroverband e.V.",
  year =      "2016"
}

@book{history-of-carsharing,
  author =    "{Shaheen, Susan; Sperling, Daniel; Wagner, Conrad}",
  title =     "A Short History of Carsharing in the 90's",
  publisher = "Journal of World Transport Policy \& Practice",
  year =      "1999"
}
