@misc{wikipedia,
author =  "Wikipedia",
title =   "Wikipedia",
journal = "\url{http://www.wikipedia.org/}",
note =    "[latest access: 2017/04/05]"
}
