@misc{se-ieee,
  title =     {{\textit{610.12-1990 - IEEE Standard Glossary of Software Engineering Terminology}}},
  author =    {IEEE},
  publisher = {IEEE},
  year =      {1990}
}

@misc{sparkasse-kfz-vermietung,
  title =     {{\textit{Branchenreport 2016: Kfz‐Vermietung (WZ‐Code 77.1)}}},
  author =    {Deutscher Sparkassen‐ und Giroverband e.V.},
  year =      {2016},
  publisher = {Deutscher Sparkassen‐ und Giroverband e.V.}
}

@inproceedings{battery,
  title =         {{\textit{Volta describes the Electric Battery}}},
  author =        {Chodos, Alan and Ouellette, Jennifer and Tretkoff, Ernie},
  volume =        {15},
  number =        {3},
  year =          {2006},
  journal =       {This Month in Physics History},
  organization =  {American Physical Society}
}

@book{combustion-engine,
  title =     {{Creating the Twentieth Century: Technical Innovations of 1867-1914 and Their Lasting Impact}},
  author =    {{Smil, V. and Smil, P.G.V. and Oxford University Press}},
  series =    {{Technical Revolutions and Their Lasting Impact}},
  year =      {2005},
  publisher = {Oxford University Press, USA}
}

@book{celtic-mythology,
  title =     {{Dictionary of Celtic Mythology}},
  author =    {MacKillop, J.},
  year =      {1998},
  publisher = {Oxford University Press}
}

@misc{history-of-carsharing,
  title =     {{\textit{A Short History of Carsharing in the 90's}}},
  author =    {Shaheen, Susan and Sperling, Daniel and Wagner, Conrad},
  publisher = {Journal of World Transport Policy \& Practice},
  year =      {1999}
}

@book{testing,
  title =     {{Automated Defect Prevention: Best Practices in Software Management}},
  author =    {Huizinga, D. and Kolawa, A.},
  series =    {Wiley - IEEE},
  year =      {2007},
  publisher = {Wiley}
}

@inproceedings{royce-large-systems,
  title =         {{Managing the Development of Large Software Systems: Concepts and Techniques}},
  author =        {Royce, Winston W.},
  booktitle =     {Proceedings of the 9th International Conference on Software Engineering},
  pages =         {328--338},
  year =          {1970},
  organization =  {IEEE Computer Society Press}
}

@article{larman-iid-history,
  title =     {{Iterative and Incremental Developments -- A Brief History}},
  author =    {Larman, Craig and Basili, Victor R.},
  journal =   {Computer},
  volume =    {36},
  number =    {6},
  pages =     {47--56},
  year =      {2003},
  publisher = {IEEE}
}

@article{mills-iid,
  title =   {{Software Development}},
  author =  {Mills, Harlan D.},
  journal = {IEEE Transactions on Software Engineering},
  year =    {1976},
  volume =  {2},
  pages =   {265-273},
}

@book{martin-agile-practices,
  title =     {{Agile Software Development: Principles, Patterns, and Practices}},
  author =    {Martin, Robert C.},
  year =      {2002},
  publisher = {Prentice Hall}
}

@article{boehm-spiral,
  title =     {{A Spiral Model of Software Development and Enhancement}},
  author =    {Boehm, Barry W.},
  journal =   {Computer},
  volume =    {21},
  number =    {5},
  pages =     {61--72},
  year =      {1988},
  publisher = {IEEE}
}

@article{parnas-rational-design-process,
  title =   {{A Rational Design Process: How and Why to Fake it}},
  author =  {D. L. Parnas and P. C. Clements},
  journal = {IEEE Transactions on Software Engineering},
  year =    {1986},
  volume =  {SE-12},
  number =  {2},
  pages =   {251-257}
}

@article{bennett-coping-legacy,
  title =     {{Legacy Systems: Coping with Success}},
  author =    {Bennett, Keith},
  journal =   {IEEE Software},
  volume =    {12},
  number =    {1},
  pages =     {19--23},
  year =      {1995},
  publisher = {IEEE}
}

@book{seacord-modernizing-legacy,
  title =     {{Modernizing Legacy Systems: Software Technologies, Engineering Processes, and Business Practices}},
  author =    {Seacord, Robert C. and Plakosh, Daniel and Lewis, Grace A.},
  year =      {2003},
  publisher = {Addison-Wesley Professional}
}

@article{bisbal-legacy-issues,
  title =     {{Legacy Information Systems: Issues and Directions}},
  author =    {Bisbal, Jes{\'u}s and Lawless, Deirdre and Wu, Bing and Grimson, Jane},
  journal =   {IEEE Software},
  volume =    {16},
  number =    {5},
  pages =     {103--111},
  year =      {1999},
  publisher = {IEEE}
}

@article{schneidewind-preserve-or-redesign,
  title =     {{Preserve or Redesign Legacy Systems?}},
  author =    {Schneidewind, Norman F. and Ebert, Christof},
  journal =   {IEEE Software},
  volume =    {15},
  number =    {4},
  pages =     {14},
  year =      {1998},
  publisher = {IEEE Computer Society}
}

@inproceedings{sneed-encapsulating-legacy,
  title =         {{Encapsulating Legacy Software for Use in Client/Server Systems}},
  author =        {Sneed, Harry M.},
  booktitle =     {Reverse Engineering, 1996},
  pages =         {104--119},
  year =          {1996},
  organization =  {IEEE}
}

@inproceedings{stevens-software-reengineering-patterns,
  title =         {{Systems Reengineering Patterns}},
  author =        {Stevens, Perdita and Pooley, Rob},
  booktitle =     {ACM SIGSOFT Software Engineering Notes},
  volume =        {23},
  number =        {6},
  pages =         {17--23},
  year =          {1998},
  organization =  {ACM}
}

@article{tilley-perspectives-reengineering,
  title =     {{\textit{Perspectives on Legacy System Reengineering}}},
  author =    {Tilley, Scott R. and Smith, Dennis},
  year =      {1995},
  publisher = {Citeseer}
}

@book{brodie-legacy-migration,
  title =     {{Legacy Information Systems Migration: Gateways, Interfaces, and the Incremental Approach}},
  author =    {Brodie, Michael L. and Stonebraker, Michael},
  year =      {1995},
  publisher = {Morgan Kaufmann Publishers Inc.}
}

@article{malinova-legacy-techniques,
  title =   {{Approaches and Techniques for Legacy Software Modernization}},
  author =  {Malinova, Anna},
  journal = {Scientific Works, Plovdiv University},
  volume =  {37},
  pages =   {77--85},
  year =    {2010}
}

@book{swebok,
  title =     {{Guide to the Software Engineering Body of Knowledge (SWEBOK (R)): Version 3.0}},
  author =    {Bourque, Pierre and Fairley, Richard E. and others},
  year =      {2014},
  publisher = {IEEE Computer Society Press}
}

@book{sommerville-se,
  title =     {{Software Engineering}},
  author =    {Sommerville, Ian},
  year =      {2011},
  publisher = {Addison-Wesley}
}

@article{iso-se,
  title =     {{Systems and Software Engineering -- Vocabulary}},
  author =    {ISO, IEC},
  journal =   {IEEE computer society, Piscataway, NJ},
  year =      {2010}
}

@article{iso-sdlc,
  title =   {{Systems and Software Engineering -- Software Life Cycle Processes}},
  author =  {ISO},
  journal = {ISO Standard},
  volume =  {12207},
  year =    {2008}
}

@book{mcconnell-code-complete,
  title =     {{Code Complete}},
  author =    {McConnell, Steve},
  year =      {2004},
  publisher = {Pearson Education}
}

@article{ietf-middleware,
  title =   {{RFC 2768: Network Policy and Services: A Report of a Workshop on Middleware}},
  author =  {Aiken, Bob and Strassner, John and Carpenter, Brian E and Foster, Ian and Lynch, Clifford and Mambretti, Joe and Moore, Reagan and Teitelbaum, Benjamin},
  journal = {Internet Engineering Task Force},
  year =    {2000}
}

@book{bosch-sa,
  title =     {{Design and Use of Software Architectures: Adopting and Evolving a Product-Line Approach}},
  author =    {Bosch, Jan},
  year =      {2000},
  publisher = {Pearson Education}
}

@book{mitchell-managing-se,
  title =     {{Managing Complexity in Software Engineering}},
  author =    {Mitchell, Richard J.},
  number =    {17},
  year =      {1990},
  publisher = {IET}
}

@book{richards-sa-patterns,
  title =     {{Software Architecture Patterns}},
  author =    {Richards, Mark},
  year =      {2015},
  publisher = {O'Reilly Media, Incorporated}
}

@book{fairbanks-sa,
  title =     {{Just Enough Software Architecture: A Risk-driven Approach}},
  author =    {Fairbanks, George},
  year =      {2010},
  publisher = {Marshall \& Brainerd}
}

@incollection{garlan-shaw-sa,
  title =     {{An Introduction to Software Architecture}},
  author =    {Garlan, David and Shaw, Mary},
  booktitle = {Advances in Software Engineering and Knowledge Engineering},
  pages =     {1--39},
  year =      {1993},
  publisher = {World Scientific}
}

@article{http-rfc,
  title =   {{RFC 2616 - Hypertext Transfer Protocol}},
  author =  {Fielding, Roy and Gettys, J. and Mogul, J. and Frystyk, H. and Masinter, L. and Leach, P. and Berners-Lee, T.},
  journal = {The Internet Engineering Task Force},
  year =    {1999}
}

@article{jwt-rfc,
  title =   {{RFC 7519: JSON Web Token (JWT)}},
  author =  {Jones, M. and Bradley, J. and Sakimura, N.},
  journal = {IETF, May},
  year =    {2015}
}
